
@MASTERSTHESIS{Autor2009,
  author =       {Sobrenome05, Autor05},
  title =        {T\'itulo da disserta\c{c}\~ao de mestrado.},
  school =       {Institui\c{c}\~ao},
  type  =        {Mestrado em alguma coisa},
  address =      {Cidade},
  year =         {2009},
}

@PHDTHESIS{Autor2002,
  author =       {Sobrenome03, Autor03},
  title =        {T\'itulo da tese de doutorado.},
  school =       {Institui\c{c}\~ao},
  type  =        {Doutorado em outra coisa},
  address =      {Cidade},
  year =         {2002},
}

@book{ROSRoboticsByExample,
	address   = {São Paulo},
	author    = {Fairchild e Harman},
	publisher = {Packt},
	title     = {ROS Robotics By Example},
	year      = {2017},
}
}
@MISC{Cyberbotics,
  author =       {Cyberbotics},
  title =        {Webots},
  howpublished = {URL: https://cyberbotics.com/},
  month =        {Julho},
  year =         {1996},

}
@MISC{Clearpathrobotics,
  author =       {Clearpathrobotics},
  title =        {Husky},
  howpublished = {URL: https://clearpathrobotics.com/husky-unmanned-ground-vehicle-robot/},
  month =        {Setembro},
  year =         {2015},

}
@MISC{C++,
  author =       { Dias, Vinicius},
  title =        {C++: Vale a Pena Aprender em 2021? Por que e onde Usar?},
  howpublished = {URL: https://www.alura.com.br/.},
  month =        {Março},
  year =         {2021},

}
@MISC{Python,
  author =       { Harve},
  title =        {Python para que serve: top 5 utilidades},
  howpublished = {URL: https://harve.com.br/.},
  month =        {Outubro},
  year =         {2020},

}
@MISC{Pioneer,
  author =       { NERO Núcleo de Especialização em Robótica},
  title =        {Equipamentos},
  howpublished = {URL: https://www.robotica.ufv.br/laboratorios/},
  month =        {Outubro},
  year =         {2014},

}
@MISC{OLIVEIRA,
  author =       { OLIVEIRA, André S.},
  title =        {Uso do robô Pioneer LX para tarefas
  domésticas.},
  howpublished = {URL: http://sistemaolimpo.org/midias/uploads/d2d59df8411f9bf3af00bb222d6316dd.
  pdf},
  month =        {Outubro},
  year =         {2017},

}
@MISC{WikiROS,
  author =       { WikiROS},
  title =        {ROS Tutorials},
  howpublished = {URL: https:wiki.ros.org/ROS/TutorialsCoreROSTutorials.},
  month =        {Abril},
  year =         {2020},

}
d@article{Autor1998,
    author = {Sobrenome01, Autor01},
    journal = {Revista cient\'ifica},
    number = {13},
    pages = {10--23},
    title = {T\'itulo do artigo.},
    volume = {2},
    year = {1998},
}

